<?xml version="1.0" encoding="UTF-8"?><collection xmlns="http://www.loc.gov/MARC21/slim"><record><leader>00356nam--2200133-i-4500</leader><controlfield tag="001">000044280</controlfield><controlfield tag="002">20161230</controlfield><controlfield tag="005">20161230201044</controlfield><controlfield tag="008">060222s1000------------r-----000-0-eng-d</controlfield><datafield ind1=" " ind2=" " tag="080"><subfield code="a">621.391(061.3)</subfield></datafield><datafield ind1=" " ind2=" " tag="245"><subfield code="a">Theory and applications of variable structure systems</subfield></datafield><datafield ind1=" " ind2=" " tag="260"><subfield code="a">New York, Acad.Press, 1972, X+232p</subfield></datafield><datafield ind1=" " ind2=" " tag="700"><subfield code="a">Mohler,R.R./S.A.</subfield></datafield><datafield ind1=" " ind2=" " tag="852"><subfield code="a">41649</subfield></datafield></record></collection>